<?xml version = "1.0" encoding = "UTF-8"?><OAI-PMH xmlns="http://www.openarchives.org/OAI/2.0/" xmlns:xsi="http://www.w3.org/2001/XMLSchema-instance" xsi:schemaLocation="http://www.openarchives.org/OAI/2.0/ http://www.openarchives.org/OAI/2.0/OAI-PMH.xsd"><ListRecords><record><header><identifier>aleph-publish:011461788</identifier></header><metadata><record xmlns="http://www.ddb.de/professionell/mabxml/mabxml-1.xsd"><leader>------M2.01200024------u</leader><controlfield tag="LDR">------M2.01200024------u</controlfield><controlfield tag="FMT">MU</controlfield><datafield tag="001" ind1="-" ind2="1"><subfield code="a">HT013135581</subfield></datafield><datafield tag="001" ind1="-" ind2="2"><subfield code="a">HT009793046</subfield></datafield><datafield tag="002" ind1="a" ind2="1"><subfield code="a">20010914</subfield></datafield><datafield tag="002" ind1="a" ind2="2"><subfield code="a">19990208</subfield></datafield><datafield tag="003" ind1="-" ind2="1"><subfield code="a">20140515</subfield></datafield><datafield tag="003" ind1="-" ind2="2"><subfield code="a">20140515</subfield></datafield><datafield tag="010" ind1="-" ind2="1"><subfield code="a">HT009793046</subfield></datafield><datafield tag="022" ind1="-" ind2="1"><subfield code="a">CT003055819</subfield></datafield><datafield tag="022" ind1="-" ind2="2"><subfield code="a">CT003055820</subfield></datafield><datafield tag="025" ind1="o" ind2="1"><subfield code="a">1106953038</subfield></datafield><datafield tag="025" ind1="o" ind2="2"><subfield code="a">761517956</subfield></datafield><datafield tag="026" ind1="-" ind2="1"><subfield code="a">HBZHT013135581</subfield></datafield><datafield tag="026" ind1="-" ind2="2"><subfield code="a">HBZHT009793046</subfield></datafield><controlfield tag="030">a|1uc||||||||</controlfield><datafield tag="036" ind1="a" ind2="2"><subfield code="a">DXDE</subfield></datafield><datafield tag="037" ind1="b" ind2="2"><subfield code="a">ger</subfield></datafield><controlfield tag="050">a|||||||||||||</controlfield><controlfield tag="051">a|||||||</controlfield><datafield tag="070" ind1="-" ind2="1"><subfield code="a">6</subfield></datafield><datafield tag="070" ind1="-" ind2="2"><subfield code="a">61</subfield></datafield><datafield tag="070" ind1="b" ind2="1"><subfield code="a">61</subfield></datafield><datafield tag="070" ind1="b" ind2="2"><subfield code="a">61</subfield></datafield><datafield tag="078" ind1="b" ind2="1"><subfield code="a">Schulprogramm</subfield></datafield><datafield tag="078" ind1="b" ind2="2"><subfield code="a">Schulprogramm</subfield></datafield><datafield tag="080" ind1="-" ind2="1"><subfield code="a">60</subfield></datafield><datafield tag="080" ind1="-" ind2="2"><subfield code="a">60</subfield></datafield><controlfield tag="089">[1]</controlfield><datafield tag="090" ind1="-" ind2="1"><subfield code="a">1</subfield></datafield><datafield tag="100" ind1="-" ind2="2"><subfield code="p">Schulenburg, Theodor</subfield><subfield code="d">1831-1911</subfield><subfield code="9">(DE-588)127969179</subfield></datafield><datafield tag="101" ind1="-" ind2="2"><subfield code="p">Schulenburg, Theodor Friedrich Konrad</subfield><subfield code="d">1831-1911</subfield></datafield><datafield tag="101" ind1="-" ind2="2"><subfield code="p">Schulenburg, Th.</subfield><subfield code="d">1831-1911</subfield></datafield><datafield tag="331" ind1="-" ind2="2"><subfield code="a">Gründung und Entwicklung der Realschule zu Rostock</subfield></datafield><datafield tag="359" ind1="-" ind2="2"><subfield code="a">von Th. Schulenburg</subfield></datafield><datafield tag="425" ind1="b" ind2="2"><subfield code="a">1902</subfield></datafield><datafield tag="425" ind1="a" ind2="1"><subfield code="a">1902</subfield></datafield><datafield tag="516" ind1="-" ind2="2"><subfield code="a">In Fraktur</subfield></datafield><datafield tag="523" ind1="-" ind2="2"><subfield code="p">Erschienen</subfield><subfield code="a">1 - 2</subfield></datafield><datafield tag="590" ind1="-" ind2="1"><subfield code="a">Programm der Realschule zu Rostock</subfield></datafield><datafield tag="594" ind1="-" ind2="2"><subfield code="a">Rostock</subfield></datafield><datafield tag="596" ind1="-" ind2="1"><subfield code="a">1902, S. [3] - 25</subfield></datafield><datafield tag="599" ind1="-" ind2="1"><subfield code="a">HT006470493</subfield></datafield><controlfield tag="SYS">011461788</controlfield><datafield tag="088" ind1=" " ind2=" "><subfield code="a">61</subfield><subfield code="b">00L</subfield><subfield code="c">qro/0011(1902)</subfield><subfield code="e">Nicht benutzbar</subfield></datafield></record></metadata></record></ListRecords></OAI-PMH>